
@article{barabasi1999emergence,
  title={Emergence of scaling in random networks},
  author={Barab{\'a}si, Albert-L{\'a}szl{\'o} and Albert, R{\'e}ka},
  journal={Science},
  volume={286},
  number={5439},
  pages={509--512},
  year={1999},
  publisher={American Association for the Advancement of Science}
}

@article{Hirsch:2005,
	author = {Hirsch, J. E.},
	title = {An index to quantify an individual's scientific research output},
	volume = {102},
	number = {46},
	pages = {16569-16572},
	year = {2005},
	doi = {10.1073/pnas.0507655102},
	abstract ={I propose the index h, defined as the number of papers with citation number â‰¥h, as a useful index to characterize the scientific output of a researcher.},
	URL = {http://www.pnas.org/content/102/46/16569.abstract},
	eprint = {http://www.pnas.org/content/102/46/16569.full.pdf+html},
	journal = {Proceedings of the National Academy of Sciences of the United States of America}
}


@inproceedings{um,
  title={{The Role of Research Leaders on the Evolution of Scientific Communities}},
  author={Alves, Bruno Leite and Benevenuto, Fabr{\'\i}cio and Laender, Alberto H.F.},
  booktitle={Proceedings of the 22nd International Conference on World Wide Web (companion volume)},
  pages={649--656},
  year={2013}
}
@article{dois,
  title={An index to quantify an individuals scientific research output},
  author={Hirsch, Jorge},
  journal={Proceedings of the National Academy of Sciences of the United States of America},
  volume={102},
  number={46},
  pages={16569--16572},
  year={2005}
}
@inproceedings{tres,
  title={{Friendship Paradox Redux: Your Friends Are More Interesting Than You}},
  author={Hodas, Nathan Oken and Kooti, Farshad and Lerman, Kristina},
  booktitle={Proceedings of the International Conference on Web and Social Media},
  pages={8--10},
  year={2013}
}
@article{quatro,
  title={Why your friends have more friends than you do},
  author={Feld, Scott L.},
  journal={American Journal of Sociology},
  volume={96},
  number={6},
  pages={1464--1477},
  year={1991}
}
@inproceedings{seis,
  title={{Collaboration Over Time: Characterizing and Modeling Network Evolution}},
  author={Huang, Jian and Zhuang, Ziming and Li, Jia and Giles, C. Lee},
  booktitle={Proceedings of the 2008 International Conference on Web Search and Data Mining},
  pages={107--116},
  year={2008}
}
@inproceedings{oito,
  title={{Measurement and Analysis of Online Social Networks}},
  author={Mislove, Alan and Marcon, Massimiliano and Gummadi, Krishna P. and Druschel, Peter and Bhattacharjee, Bobby},
  booktitle={Proceedings of the 7th ACM SIGCOMM Conference on Internet Measurement},
  pages={29--42},
  year={2007}
}
@article{onze,
  title={The new science of networks},
  author={Watts, Duncan J.},
  journal={Annual Review of Sociology},
  volume={30},
  pages={243--270},
  year={2004}
}
@article{eom2014generalized,
  title={Generalized friendship paradox in complex networks: The case of scientific collaboration},
  author={Eom, Young-Ho and Jo, Hang-Hyun},
  journal={Scientific Reports},
  volume={4},
  year={2014}
}

@article{mckenna1991factors,
  title={Factors underlying illusory self-assessment of driving skill in males and females},
  author={McKenna, Frank P. and Stanier, Robert A. and Lewis, Clive},
  journal={Accident Analysis \& Prevention},
  volume={23},
  number={1},
  pages={45--52},
  year={1991}
}

@techreport{page1999pagerank,
  title={{The PageRank Citation Ranking: Bringing Order to the Web}},
  author={Page, Lawrence and Brin, Sergey and Motwani, Rajeev and Winograd, Terry},
  year={1999},
  institution={Stanford InfoLab}
}
