@inproceedings{Weng:2010:TFT:1718487.1718520,
 author = {Weng, Jianshu and Lim, Ee-Peng and Jiang, Jing and He, Qi},
 title = {TwitterRank: finding topic-sensitive influential twitterers},
 booktitle = {Proceedings of the third ACM international conference on Web search and data mining},
 series = {WSDM '10},
 year = {2010},
 isbn = {978-1-60558-889-6},
 location = {New York, New York, USA},
 pages = {261--270},
 numpages = {10},
 url = {http://doi.acm.org/10.1145/1718487.1718520},
 doi = {10.1145/1718487.1718520},
 acmid = {1718520},
 publisher = {ACM},
 address = {New York, NY, USA},
 keywords = {influential, pagerank, twitter},
} 

@inproceedings{icwsm10cha,
   author = {Meeyoung Cha and Hamed Haddadi and Fabricio Benevenuto and Krishna P. Gummadi},
   title = {{Measuring User Influence in Twitter: The Million Follower Fallacy}},
   booktitle = {In Proceedings of the 4th International AAAI Conference on Weblogs and Social Media (ICWSM)},
   month = {May},
   year = {2010},
   address = {Washington DC, USA}
}

@inproceedings{saez-trumper@kdd12,
   author = {Diego Saez-Trumper and Giovanni Comarela and Virgílio Almeida and Ricardo Baeza-Yates and Fabrício Benevenuto},
   title = {Finding Trendsetters in Information Networks},
   booktitle = {ACM SIGKDD Conference on Knowledge Discovery and Data Mining (KDD)},
   year = {2012}
}

@book{Rogers.1962,
title = {Diffusion of Innovations},
address = {New York},
author = {Everett M. Rogers},
publisher = {Free Press},
year = {1962}
}

@article{accidental-influential,
  author = {D.J. Watts and P.S. Dodds},
  title = {{Influentials, Networks, and Public Opinion Formation}},
  journal = {Journal of Consumer Research},
    number = {4},
    pages = {441--458},
    volume = {34},
  year = {2007} 
} 
  
@inproceedings{kempe03kdd,
 author = {Kempe, David and Kleinberg, Jon and Tardos, \'{E}va},
 title = {Maximizing the spread of influence through a social network},
 booktitle = {ACM SIGKDD Conference on Knowledge Discovery and Data Mining (KDD)},
 year = {2003}
 }

@INPROCEEDINGS{Kempe05influentialnodes,
    author = {David Kempe and Jon Kleinberg and \'{E}va Tardos},
    title = {Influential Nodes in a Diffusion Model for Social Networks},
    booktitle = {IN ICALP},
    year = {2005},
    pages = {1127--1138},
    publisher = {Springer Verlag}
}   


@inproceedings{crandall.kdd08,
   author =       "David Crandall and Dan Cosley and Daniel Huttenlocher and Jon Kleinberg and Siddharth Suri",
   title =        "{Feedback Effects between Similarity and Social Influence in Online Communities}",
 booktitle = {Proceedings of the ACM SIGKDD Conference on Knowledge Discovery and Data Mining (KDD)},
   year =         {2008}
}

@inproceedings{LNCS69480280,
      booktitle = {Human-Computer Interaction -- INTERACT 2011},
      publisher = {Springer},
      location  = {Heidelberg},
      series    = {Lecture Notes in Computer Science},
      volume    = {6948},
      year      = {2011},
      isbn      = {978-3-642-23764-5},
      author    = {Gl\'{\i}via A.R. Barbosa and Ismael S. Silva and Glauber Gon\c{c}alves and Raquel O. Prates and Fabr\'{\i}cio
         Benevenuto and Virg\'{\i}lio Almeida},
      title     = {Characterizing Interactions among Members of Deaf Communities in Orkut},
      pages     = {280--287}
}





@inproceedings{Viswanath:2009,
	author = {Viswanath, Bimal and Mislove, Alan and Cha, Meeyoung and Gummadi, Krishna P.},
	title = {On the evolution of user interaction in Facebook},
	booktitle = {Proceedings of the 2nd ACM workshop on Online social networks},
	series = {WOSN '09},
	year = {2009},
	isbn = {978-1-60558-445-4},
	location = {Barcelona, Spain},
	pages = {37--42},
	numpages = {6},
	url = {http://doi.acm.org/10.1145/1592665.1592675},
	doi = {10.1145/1592665.1592675},
	acmid = {1592675},
	publisher = {ACM},
	address = {New York, NY, USA},
	keywords = {measurement, online social networks},
} 

@article{Hirsch:2005,
	author = {Hirsch, J. E.}, 
	title = {An index to quantify an individual's scientific research output},
	volume = {102}, 
	number = {46}, 
	pages = {16569-16572}, 
	year = {2005}, 
	doi = {10.1073/pnas.0507655102}, 
	abstract ={I propose the index h, defined as the number of papers with citation number ≥h, as a useful index to characterize the scientific output of a researcher.}, 
	URL = {http://www.pnas.org/content/102/46/16569.abstract}, 
	eprint = {http://www.pnas.org/content/102/46/16569.full.pdf+html}, 
	journal = {Proceedings of the National Academy of Sciences of the United States of America} 
}

@article{Ley:2009,
	author = {Ley, Michael},
	title = {DBLP: some lessons learned},
	journal = {Proc. VLDB Endow.},
	issue_date = {August 2009},
	volume = {2},
	number = {2},
	month = aug,
	year = {2009},
	issn = {2150-8097},
	pages = {1493--1500},
	numpages = {8},
	url = {http://dl.acm.org/citation.cfm?id=1687553.1687577},
	acmid = {1687577},
	publisher = {VLDB Endowment},
} 

@inproceedings{Kumar:2006,
	author = {Kumar, Ravi and Novak, Jasmine and Tomkins, Andrew},
	title = {Structure and evolution of online social networks},
	booktitle = {Proceedings of the 12th ACM SIGKDD international conference on Knowledge discovery and data mining},
	series = {KDD '06},
	year = {2006},
	isbn = {1-59593-339-5},
	location = {Philadelphia, PA, USA},
	pages = {611--617},
	numpages = {7},
	url = {http://doi.acm.org/10.1145/1150402.1150476},
	doi = {10.1145/1150402.1150476},
	acmid = {1150476},
	publisher = {ACM},
	address = {New York, NY, USA},
	keywords = {graph evolution, graph mining, small-world phenomenon, social networks, stars},
} 

@misc{Sun:2012,
	archivePrefix = {arXiv},
	author = {Sun, Xiaoling and Kaur, Jasleen and Milojevi\'{c}, Sta\v{s}a and Flammini, Alessandro and Menczer, Filippo},
	citeulike-article-id = {11306025},
	citeulike-linkout-0 = {http://arxiv.org/abs/1209.4950},
	citeulike-linkout-1 = {http://arxiv.org/pdf/1209.4950},
	day = {22},
	eprint = {1209.4950},
	keywords = {menczer, science-of-science, scientific-attention, social\_dynamics},
	month = sep,
	posted-at = {2012-09-25 03:41:58},
	priority = {2},
	title = {{Social Dynamics of Science}},
	url = {http://arxiv.org/abs/1209.4950},
	year = {2012}
}

@inproceedings{Ducheneaut:2007,
	author = {Ducheneaut, Nicolas and Yee, Nicholas and Nickell, Eric and Moore, Robert J.},
	title = {The life and death of online gaming communities: a look at guilds in world of warcraft},
	booktitle = {Proceedings of the SIGCHI Conference on Human Factors in Computing Systems},
	series = {CHI '07},
	year = {2007},
	isbn = {978-1-59593-593-9},
	location = {San Jose, California, USA},
	pages = {839--848},
	numpages = {10},
	url = {http://doi.acm.org/10.1145/1240624.1240750},
	doi = {10.1145/1240624.1240750},
	acmid = {1240750},
	publisher = {ACM},
	address = {New York, NY, USA},
	keywords = {data analysis tools, group dynamics, massively multiplayer online games, online communities, social networks},
} 


@inproceedings{influence.correlation.kdd08,
   author =       "Aris Anagnostopoulos and Ravi Kumar and Mohammad Mahdian",
   title =        "{Influence and Correlation in Social Networks}",
 booktitle = {Proceedings of the ACM SIGKDD Conference on Knowledge Discovery and Data Mining (KDD)},
 pages = {7--15},
   year =         {2008}
}




@inproceedings{Backstrom:2006,
	author = {Backstrom, Lars and Huttenlocher, Dan and Kleinberg, Jon and Lan, Xiangyang},
	title = {GLNCS6948028oroup formation in large social networks: membership, growth, and evolution},
	booktitle = {Proceedings of the 12th ACM SIGKDD international conference on Knowledge discovery and data mining},
	series = {KDD '06},
	year = {2006},
	isbn = {1-59593-339-5},
	location = {Philadelphia, PA, USA},
	pages = {44--54},
	numpages = {11},
	url = {http://doi.acm.org/10.1145/1150402.1150412},
	doi = {10.1145/1150402.1150412},
	acmid = {1150412},
	publisher = {ACM},
	address = {New York, NY, USA},
	keywords = {diffusion of innovations, on-line communities, social networks},
} 

@inproceedings{Patil:2012,
	added-at = {2012-06-13T00:00:00.000+0200},
	author = {Patil, Akshay and Liu, Juan and Price, Bob and Sharara, Hossam and Brdiczka, Oliver},
	booktitle = {ICWSM},
	editor = {Breslin, John G. and Ellison, Nicole B. and Shanahan, James G. and Tufekci, Zeynep},
	ee = {http://www.aaai.org/ocs/index.php/ICWSM/ICWSM12/paper/view/4602},
	interhash = {35f44eba39c67680c4a062d448cb9d2a},
	intrahash = {d4e4617d186361ebd5a21b40003388e9},
	keywords = {dblp},
	publisher = {The AAAI Press},
	timestamp = {2012-06-13T00:00:00.000+0200},
	title = {Modeling Destructive Group Dynamics in On-Line Gaming Communities.},
	year = 2012
}

@inproceedings{Lopes:2011,
	author = {Giseli R. Lopes and Mirella M. Moro and Jos{\'e} Palazzo M. de Oliveira},
	title = {Temporal Influence in Collaborators Recommendation in Social Networks},
	booktitle = {IADIS WWW/Internet},
	year = {2011},
	pages = {179-186},
	ee = {http://www.iadisportal.org/digital-library/temporal-influence-in-collaborators-recommendation-on-social-networks},
	ISBN = {978-989-8533-01-2} 
}

@inproceedings{Sachan:2012,
	author = {Sachan, Mrinmaya and Contractor, Danish and Faruquie, Tanveer A. and Subramaniam, L. Venkata},
	title = {Using content and interactions for discovering communities in social networks},
	booktitle = {Proceedings of the 21st international conference on World Wide Web},
	series = {WWW '12},
	year = {2012},
	isbn = {978-1-4503-1229-5},
	location = {Lyon, France},
	pages = {331--340},
	numpages = {10},
	url = {http://doi.acm.org/10.1145/2187836.2187882},
	doi = {10.1145/2187836.2187882},
	acmid = {2187882},
	publisher = {ACM},
	address = {New York, NY, USA},
	keywords = {community detection, probabilistic methods, social networks}
} 

@inproceedings{Leskovec:2005,
	author = {Leskovec, Jure and Kleinberg, Jon and Faloutsos, Christos},
	title = {Graphs over time: densification laws, shrinking diameters and possible explanations},
	booktitle = {Proceedings of the eleventh ACM SIGKDD international conference on Knowledge discovery in data mining},
	series = {KDD '05},
	year = {2005},
	isbn = {1-59593-135-X},
	location = {Chicago, Illinois, USA},
	pages = {177--187},
	numpages = {11},
	url = {http://doi.acm.org/10.1145/1081870.1081893},
	doi = {10.1145/1081870.1081893},
	acmid = {1081893},
	publisher = {ACM},
	address = {New York, NY, USA},
	keywords = {densification power laws, graph generators, graph mining, heavy-tailed distributions, small-world phenomena},
} 

@article{Xu:2010,
	title = {Rich-club connectivity dominates assortativity and transitivity of complex networks},
	author = {Xu, Xiao-Ke and Zhang, Jie and Small, Michael},
	journal = {Phys. Rev. E},
	volume = {82},
	issue = {4},
	pages = {046117},
	numpages = {4},
	year = {2010},
	month = {Oct},
	doi = {10.1103/PhysRevE.82.046117},
	url = {http://link.aps.org/doi/10.1103/PhysRevE.82.046117},
	publisher = {American Physical Society}
}

@article{Willinger:2010,
	author = {Willinger, Walter and Rejaie, Reza and Torkjazi, Mojtaba and Valafar, Masoud and Maggioni, Mauro},
	title = {Research on online social networks: time to face the real challenges},
	journal = {SIGMETRICS Perform. Eval. Rev.},
	issue_date = {December 2009},
	volume = {37},
	number = {3},
	month = jan,
	year = {2010},
	issn = {0163-5999},
	pages = {49--54},
	numpages = {6},
	url = {http://doi.acm.org/10.1145/1710115.1710125},
	doi = {10.1145/1710115.1710125},
	acmid = {1710125},
	publisher = {ACM},
	address = {New York, NY, USA}
}

@inproceedings{Wu:2009,
	author = {Wu, Bin and Zhao, Fengying and Yang, Shengqi and Suo, Lijun and Tian, Hongqiao},
	title = {Characterizing the evolution of collaboration network},
	booktitle = {Proceedings of the 2nd ACM workshop on Social web search and mining},
	series = {SWSM '09},
	year = {2009},
	isbn = {978-1-60558-806-3},
	location = {Hong Kong, China},
	pages = {33--40},
	numpages = {8},
	url = {http://doi.acm.org/10.1145/1651437.1651444},
	doi = {10.1145/1651437.1651444},
	acmid = {1651444},
	publisher = {ACM},
	address = {New York, NY, USA},
	keywords = {collaboration network,, evolution of community, social network analysis}
} 

@inproceedings{Huang:2008,
	author = {Huang, Jian and Zhuang, Ziming and Li, Jia and Giles, C. Lee},
	title = {Collaboration over time: characterizing and modeling network evolution},
	booktitle = {Proceedings of the 2008 International Conference on Web Search and Data Mining},
	series = {WSDM '08},
	year = {2008},
	isbn = {978-1-59593-927-2},
	location = {Palo Alto, California, USA},
	pages = {107--116},
	numpages = {10},
	url = {http://doi.acm.org/10.1145/1341531.1341548},
	doi = {10.1145/1341531.1341548},
	acmid = {1341548},
	publisher = {ACM},
	address = {New York, NY, USA},
	keywords = {network evolution, social network analysis (SNA), stochastic network modeling}
} 

@inproceedings{Garg:2009,
	author = {Garg, Sanchit and Gupta, Trinabh and Carlsson, Niklas and Mahanti, Anirban},
	title = {Evolution of an online social aggregation network: an empirical study},
	booktitle = {Proceedings of the 9th ACM SIGCOMM conference on Internet measurement conference},
	series = {IMC '09},
	year = {2009},
	isbn = {978-1-60558-771-4},
	location = {Chicago, Illinois, USA},
	pages = {315--321},
	numpages = {7},
	url = {http://doi.acm.org/10.1145/1644893.1644931},
	doi = {10.1145/1644893.1644931},
	acmid = {1644931},
	publisher = {ACM},
	address = {New York, NY, USA},
	keywords = {evolution, social aggregation, social networks, web 2.0}
} 

@inproceedings{Leskovec:2008,
	author = {Leskovec, Jure and Backstrom, Lars and Kumar, Ravi and Tomkins, Andrew},
	title = {Microscopic evolution of social networks},
	booktitle = {Proceedings of the 14th ACM SIGKDD international conference on Knowledge discovery and data mining},
	series = {KDD '08},
	year = {2008},
	isbn = {978-1-60558-193-4},
	location = {Las Vegas, Nevada, USA},
	pages = {462--470},
	numpages = {9},
	url = {http://doi.acm.org/10.1145/1401890.1401948},
	doi = {10.1145/1401890.1401948},
	acmid = {1401948},
	publisher = {ACM},
	address = {New York, NY, USA},
	keywords = {graph generators, maximum likelihood, network evolution, social networks, transitivity, triadic closure}
} 
