

@article{girvan2002community,
  title={Community structure in social and biological networks},
  author={Girvan, Michelle and Newman, Mark EJ},
  journal={Proceedings of the National Academy of Sciences of the United States of America},
  volume={99},
  number={12},
  pages={7821--7826},
  year={2002},
  publisher={National Acad Sciences}
}

@article{freeman1977set,
  title={A set of measures of centrality based on betweenness},
  author={Freeman, Linton C},
  journal={Sociometry},
  pages={35--41},
  year={1977},
  publisher={JSTOR}
}

@inproceedings{Alves:2013,
 author = {Bruno Leite Alves and Fabr\'{\i}cio Benevenuto and Alberto H. F. Laender},
 title = {{The Role of Research Leaders on the Evolution of Scientific Communities}},
 booktitle = {Proceedings of the 22nd International Conference on World Wide Web (Companion Volume)},
 year = {2013},
 isbn = {978-1-4503-2038-2},
 location = {Rio de Janeiro, Brazil},
 pages = {649--656},
 numpages = {8},
 url = {http://dl.acm.org/citation.cfm?id=2487788.2488016},
 acmid = {2488016},
 keywords = {community evolution, core community, scientific communities}
}

@article{Laender:sigcse2008,
  author    = {Alberto H. F. Laender and
               Carlos Jos{\'{e}} Pereira de Lucena and
               Jos{\'{e}} Carlos Maldonado and
               Edmundo de Souza e Silva and
               Nivio Ziviani},
  title     = {{Assessing the Research and Education Quality of the Top Brazilian Computer Science Graduate Programs}},
  journal   = {{SIGCSE} Bulletin},
  volume    = {40},
  number    = {2},
  pages     = {135--145},
  year      = {2008}
}

@article{Franceschet:cacm2010,
 author = {Franceschet, Massimo},
 title = {{The Role of Conference Publications in CS}},
 journal = {Commun. ACM},
 issue_date = {December 2010},
 volume = {53},
 number = {12},
 month = dec,
 year = {2010},
 issn = {0001-0782},
 pages = {129--132},
 numpages = {4},
 url = {http://doi.acm.org/10.1145/1859204.1859234},
 doi = {10.1145/1859204.1859234},
 acmid = {1859234},
 publisher = {ACM},
 address = {New York, NY, USA}
}

@article{Freyne:cacm2010,
 author = {Jill Freyne and Lorcan Coyle and Barry Smyth and Padraig Cunningham},
 title = {{Relative Status of Journal and Conference Publications in Computer Science}},
 journal = {Commun. ACM},
 issue_date = {November 2010},
 volume = {53},
 number = {11},
 month = nov,
 year = {2010},
 issn = {0001-0782},
 pages = {124--132},
 publisher = {ACM},
 address = {New York, NY, USA}
}

@article{Fortnow:cacm2009,
 author = {Fortnow, Lance},
 title = {{Time for Computer Science to Grow Up}},
 journal = {Commun. ACM},
 issue_date = {August 2009},
 volume = {52},
 number = {8},
 month = aug,
 year = {2009},
 issn = {0001-0782},
 pages = {33--35},
 numpages = {3},
 url = {http://doi.acm.org/10.1145/1536616.1536631},
 doi = {10.1145/1536616.1536631},
 acmid = {1536631},
 publisher = {ACM},
 address = {New York, NY, USA}
}


@article{Vardi:cacm2014,
 author = {Vardi, Moshe Y.},
 title = {{Scalable Conferences}},
 journal = {Commun. ACM},
 issue_date = {January 2014},
 volume = {57},
 number = {1},
 month = jan,
 year = {2014},
 issn = {0001-0782},
 pages = {5--5},
 numpages = {1},
 url = {http://doi.acm.org/10.1145/2544169},
 doi = {10.1145/2544169},
 acmid = {2544169},
 publisher = {ACM},
 address = {New York, NY, USA}
}

@article{Vardi:cacm2010,
 author = {Vardi, Moshe Y.},
 title = {{Revisiting the Publication Culture in Computing Research}},
 journal = {Commun. ACM},
 issue_date = {March 2010},
 volume = {53},
 number = {3},
 month = mar,
 year = {2010},
 issn = {0001-0782},
 pages = {5--5},
 numpages = {1},
 publisher = {ACM},
 address = {New York, NY, USA}
}

@article{Vardi:cacm2009,
 author = {Vardi, Moshe Y.},
 title = {{Conferences vs. Journals in Computing Research}},
 journal = {Commun. ACM},
 issue_date = {May 2009},
 volume = {52},
 number = {5},
 month = may,
 year = {2009},
 issn = {0001-0782},
 pages = {5--5},
 numpages = {1},
 url = {http://doi.acm.org/10.1145/1506409.1506410},
 doi = {10.1145/1506409.1506410},
 acmid = {1506410},
 publisher = {ACM},
 address = {New York, NY, USA}
}

@article{Patterson:cacm2004,
 author = {Patterson, David A.},
 title = {{The Health of Research Conferences and the Dearth of Big Idea Papers}},
 journal = {Commun. ACM},
 issue_date = {December 2004},
 volume = {47},
 number = {12},
 month = mar,
 year = {2004},
 issn = {0001-0782},
 pages = {23--24},
 numpages = {2},
 publisher = {ACM},
 address = {New York, NY, USA}
}

@article{Kleinberg@cacm2008,
 author = {Kleinberg, Jon},
 title = {The convergence of social and technological networks},
 journal = {Commun. ACM},
 volume = {51},
 number = {11},
 month = nov,
 year = {2008},
 pages = {66--72}
}


@inproceedings{fourdegrees_facebook,
  author    = {Lars Backstrom and Paolo Boldi and Marco Rosa and Johan Ugander and Sebastiano Vigna},
  title     = {Four Degrees of Separation},
  booktitle = {Proc. of ACM Web Science},
  year      = {2012}
}

@inproceedings{mislove-2007-socialnetworks,
  author = {Alan Mislove and Massimiliano Marcon and Krishna P. Gummadi and Peter Druschel and Bobby Bhattacharjee},
  title = {{Measurement and Analysis of Online Social Networks}},
  booktitle = {Proc. of IMC},
  year = {2007}
}

@article{Newman2003,
 author = {M. Newman and J. Park},
 title =  {Why Social Networks are Different from Other Types of Networks},
 journal = {Phys. Rev. E},
 volume={68},
 year = {2003}
}


@inproceedings{Zhang:2012:CID:2187980.2188250,
 author = {Zhang, Guo and Jacob, Elin K.},
 title = {Community: issues, definitions, and operationalization on the web},
 booktitle = {Proceedings of the 21st international conference companion on World Wide Web},
 series = {WWW '12 Companion},
 year = {2012},
 isbn = {978-1-4503-1230-1},
 location = {Lyon, France},
 pages = {1121--1130},
 numpages = {10},
 url = {http://doi.acm.org/10.1145/2187980.2188250},
 doi = {10.1145/2187980.2188250},
 acmid = {2188250},
 publisher = {ACM},
 address = {New York, NY, USA},
 keywords = {community, place, social network analysis, space, web}
}




@inproceedings{Seifi:2012:CCE:2187980.2188258,
 author = {Seifi, Massoud and Guillaume, Jean-Loup},
 title = {Community cores in evolving networks},
 booktitle = {Proceedings of the 21st international conference companion on World Wide Web},
 series = {WWW '12 Companion},
 year = {2012},
 isbn = {978-1-4503-1230-1},
 location = {Lyon, France},
 pages = {1173--1180},
 numpages = {8},
 url = {http://doi.acm.org/10.1145/2187980.2188258},
 doi = {10.1145/2187980.2188258},
 acmid = {2188258},
 publisher = {ACM},
 address = {New York, NY, USA},
 keywords = {community cores, community structure, complex networks, evolving networks}
}


@inproceedings{Weng:2010:TFT:1718487.1718520,
 author = {Weng, Jianshu and Lim, Ee-Peng and Jiang, Jing and He, Qi},
 title = {TwitterRank: finding topic-sensitive influential twitterers},
 booktitle = {Proceedings of the third ACM international conference on Web search and data mining},
 series = {WSDM '10},
 year = {2010},
 isbn = {978-1-60558-889-6},
 location = {New York, New York, USA},
 pages = {261--270},
 numpages = {10},
 url = {http://doi.acm.org/10.1145/1718487.1718520},
 doi = {10.1145/1718487.1718520},
 acmid = {1718520},
 publisher = {ACM},
 address = {New York, NY, USA},
 keywords = {influential, pagerank, twitter}
}

@inproceedings{icwsm10cha,
   author = {Meeyoung Cha and Hamed Haddadi and Fabricio Benevenuto and Krishna P. Gummadi},
   title = {{Measuring User Influence in Twitter: The Million Follower Fallacy}},
   booktitle = {In Proceedings of the 4th International AAAI Conference on Weblogs and Social Media (ICWSM)},
   month = {May},
   year = {2010},
   address = {Washington DC, USA}
}

@inproceedings{saez-trumper@kdd12,
   author = {Diego Saez-Trumper and Giovanni Comarela and Virgílio Almeida and Ricardo Baeza-Yates and Fabrício Benevenuto},
   title = {Finding Trendsetters in Information Networks},
   booktitle = {ACM SIGKDD Conference on Knowledge Discovery and Data Mining (KDD)},
   year = {2012}
}

@book{Rogers.1962,
title = {Diffusion of Innovations},
address = {New York},
author = {Everett M. Rogers},
publisher = {Free Press},
year = {1962}
}

@article{accidental-influential,
  author = {D.J. Watts and P.S. Dodds},
  title = {{Influentials, Networks, and Public Opinion Formation}},
  journal = {Journal of Consumer Research},
    number = {4},
    pages = {441--458},
    volume = {34},
  year = {2007}
}

@inproceedings{kempe03kdd,
 author = {Kempe, David and Kleinberg, Jon and Tardos, \'{E}va},
 title = {Maximizing the spread of influence through a social network},
 booktitle = {ACM SIGKDD Conference on Knowledge Discovery and Data Mining (KDD)},
 year = {2003}
 }

@INPROCEEDINGS{Kempe05influentialnodes,
    author = {David Kempe and Jon Kleinberg and \'{E}va Tardos},
    title = {Influential Nodes in a Diffusion Model for Social Networks},
    booktitle = {IN ICALP},
    year = {2005},
    pages = {1127--1138},
    publisher = {Springer Verlag}
}


@inproceedings{crandall.kdd08,
   author =       "David Crandall and Dan Cosley and Daniel Huttenlocher and Jon Kleinberg and Siddharth Suri",
   title =        "{Feedback Effects between Similarity and Social Influence in Online Communities}",
 booktitle = {Proceedings of the ACM SIGKDD Conference on Knowledge Discovery and Data Mining (KDD)},
   year =         {2008}
}

@inproceedings{LNCS69480280,
      booktitle = {Human-Computer Interaction -- INTERACT 2011},
      publisher = {Springer},
      location  = {Heidelberg},
      series    = {Lecture Notes in Computer Science},
      volume    = {6948},
      year      = {2011},
      isbn      = {978-3-642-23764-5},
      author    = {Gl\'{\i}via A.R. Barbosa and Ismael S. Silva and Glauber Gon\c{c}alves and Raquel O. Prates and Fabr\'{\i}cio
         Benevenuto and Virg\'{\i}lio Almeida},
      title     = {Characterizing Interactions among Members of Deaf Communities in Orkut},
      pages     = {280--287}
}





@inproceedings{Viswanath:2009,
	author = {Viswanath, Bimal and Mislove, Alan and Cha, Meeyoung and Gummadi, Krishna P.},
	title = {On the evolution of user interaction in Facebook},
	booktitle = {Proceedings of the 2nd ACM workshop on Online social networks},
	series = {WOSN '09},
	year = {2009},
	isbn = {978-1-60558-445-4},
	location = {Barcelona, Spain},
	pages = {37--42},
	numpages = {6},
	url = {http://doi.acm.org/10.1145/1592665.1592675},
	doi = {10.1145/1592665.1592675},
	acmid = {1592675},
	publisher = {ACM},
	address = {New York, NY, USA},
	keywords = {measurement, online social networks},
}

@article{Hirsch:2005,
	author = {Hirsch, J. E.},
	title = {An index to quantify an individual's scientific research output},
	volume = {102},
	number = {46},
	pages = {16569-16572},
	year = {2005},
	doi = {10.1073/pnas.0507655102},
	abstract ={I propose the index h, defined as the number of papers with citation number ≥h, as a useful index to characterize the scientific output of a researcher.},
	URL = {http://www.pnas.org/content/102/46/16569.abstract},
	eprint = {http://www.pnas.org/content/102/46/16569.full.pdf+html},
	journal = {Proceedings of the National Academy of Sciences of the United States of America}
}

@inproceedings{Ley:2002,
  author    = {Michael Ley},
  title     = {{The {DBLP} Computer Science Bibliography: Evolution, Research Issues, Perspectives}},
  booktitle = {Proceedings of the 9th International Symposium on String Processing and Information Retrieval},
  pages     = {1--10},
  year      = {2002}
}

@article{Ley:2009,
	author = {Ley, Michael},
	title = {{DBLP: Some Lessons Learned}},
	journal = {Proc. of VLDB Endow.},
	issue_date = {August 2009},
	volume = {2},
	number = {2},
	month = aug,
	year = {2009},
	issn = {2150-8097},
	pages = {1493--1500},
	numpages = {8},
	url = {http://dl.acm.org/citation.cfm?id=1687553.1687577},
	acmid = {1687577},
	publisher = {VLDB Endowment},
}

@inproceedings{Kumar:2006,
	author = {Kumar, Ravi and Novak, Jasmine and Tomkins, Andrew},
	title = {Structure and evolution of online social networks},
	booktitle = {Proceedings of the 12th ACM SIGKDD international conference on Knowledge discovery and data mining},
	series = {KDD '06},
	year = {2006},
	isbn = {1-59593-339-5},
	location = {Philadelphia, PA, USA},
	pages = {611--617},
	numpages = {7},
	url = {http://doi.acm.org/10.1145/1150402.1150476},
	doi = {10.1145/1150402.1150476},
	acmid = {1150476},
	publisher = {ACM},
	address = {New York, NY, USA},
	keywords = {graph evolution, graph mining, small-world phenomenon, social networks, stars},
}

@misc{Sun:2012,
	archivePrefix = {arXiv},
	author = {Sun, Xiaoling and Kaur, Jasleen and Milojevi\'{c}, Sta\v{s}a and Flammini, Alessandro and Menczer, Filippo},
	citeulike-article-id = {11306025},
	citeulike-linkout-0 = {http://arxiv.org/abs/1209.4950},
	citeulike-linkout-1 = {http://arxiv.org/pdf/1209.4950},
	day = {22},
	eprint = {1209.4950},
	keywords = {menczer, science-of-science, scientific-attention, social\_dynamics},
	month = sep,
	posted-at = {2012-09-25 03:41:58},
	priority = {2},
	title = {{Social Dynamics of Science}},
	url = {http://arxiv.org/abs/1209.4950},
	year = {2012}
}

@inproceedings{Ducheneaut:2007,
	author = {Ducheneaut, Nicolas and Yee, Nicholas and Nickell, Eric and Moore, Robert J.},
	title = {The life and death of online gaming communities: a look at guilds in world of warcraft},
	booktitle = {Proceedings of the SIGCHI Conference on Human Factors in Computing Systems},
	series = {CHI '07},
	year = {2007},
	isbn = {978-1-59593-593-9},
	location = {San Jose, California, USA},
	pages = {839--848},
	numpages = {10},
	url = {http://doi.acm.org/10.1145/1240624.1240750},
	doi = {10.1145/1240624.1240750},
	acmid = {1240750},
	publisher = {ACM},
	address = {New York, NY, USA},
	keywords = {data analysis tools, group dynamics, massively multiplayer online games, online communities, social networks},
}


@inproceedings{influence.correlation.kdd08,
   author =       "Aris Anagnostopoulos and Ravi Kumar and Mohammad Mahdian",
   title =        "{Influence and Correlation in Social Networks}",
 booktitle = {Proceedings of the ACM SIGKDD Conference on Knowledge Discovery and Data Mining (KDD)},
 pages = {7--15},
   year =         {2008}
}




@inproceedings{Backstrom:2006,
	author = {Backstrom, Lars and Huttenlocher, Dan and Kleinberg, Jon and Lan, Xiangyang},
	title = {GLNCS6948028oroup formation in large social networks: membership, growth, and evolution},
	booktitle = {Proceedings of the 12th ACM SIGKDD international conference on Knowledge discovery and data mining},
	series = {KDD '06},
	year = {2006},
	isbn = {1-59593-339-5},
	location = {Philadelphia, PA, USA},
	pages = {44--54},
	numpages = {11},
	url = {http://doi.acm.org/10.1145/1150402.1150412},
	doi = {10.1145/1150402.1150412},
	acmid = {1150412},
	publisher = {ACM},
	address = {New York, NY, USA},
	keywords = {diffusion of innovations, on-line communities, social networks},
}

@inproceedings{Patil:2012,
	added-at = {2012-06-13T00:00:00.000+0200},
	author = {Patil, Akshay and Liu, Juan and Price, Bob and Sharara, Hossam and Brdiczka, Oliver},
	booktitle = {ICWSM},
	editor = {Breslin, John G. and Ellison, Nicole B. and Shanahan, James G. and Tufekci, Zeynep},
	ee = {http://www.aaai.org/ocs/index.php/ICWSM/ICWSM12/paper/view/4602},
	interhash = {35f44eba39c67680c4a062d448cb9d2a},
	intrahash = {d4e4617d186361ebd5a21b40003388e9},
	keywords = {dblp},
	publisher = {The AAAI Press},
	timestamp = {2012-06-13T00:00:00.000+0200},
	title = {Modeling Destructive Group Dynamics in On-Line Gaming Communities.},
	year = 2012
}

@inproceedings{Lopes:2011,
	author = {Giseli R. Lopes and Mirella M. Moro and Jos{\'e} Palazzo M. de Oliveira},
	title = {Temporal Influence in Collaborators Recommendation in Social Networks},
	booktitle = {IADIS WWW/Internet},
	year = {2011},
	pages = {179-186},
	ee = {http://www.iadisportal.org/digital-library/temporal-influence-in-collaborators-recommendation-on-social-networks},
	ISBN = {978-989-8533-01-2}
}

@inproceedings{Sachan:2012,
	author = {Sachan, Mrinmaya and Contractor, Danish and Faruquie, Tanveer A. and Subramaniam, L. Venkata},
	title = {Using content and interactions for discovering communities in social networks},
	booktitle = {Proceedings of the 21st international conference on World Wide Web},
	series = {WWW '12},
	year = {2012},
	isbn = {978-1-4503-1229-5},
	location = {Lyon, France},
	pages = {331--340},
	numpages = {10},
	url = {http://doi.acm.org/10.1145/2187836.2187882},
	doi = {10.1145/2187836.2187882},
	acmid = {2187882},
	publisher = {ACM},
	address = {New York, NY, USA},
	keywords = {community detection, probabilistic methods, social networks}
}

@inproceedings{Leskovec:2005,
	author = {Leskovec, Jure and Kleinberg, Jon and Faloutsos, Christos},
	title = {Graphs over time: densification laws, shrinking diameters and possible explanations},
	booktitle = {Proceedings of the eleventh ACM SIGKDD international conference on Knowledge discovery in data mining},
	series = {KDD '05},
	year = {2005},
	isbn = {1-59593-135-X},
	location = {Chicago, Illinois, USA},
	pages = {177--187},
	numpages = {11},
	url = {http://doi.acm.org/10.1145/1081870.1081893},
	doi = {10.1145/1081870.1081893},
	acmid = {1081893},
	publisher = {ACM},
	address = {New York, NY, USA},
	keywords = {densification power laws, graph generators, graph mining, heavy-tailed distributions, small-world phenomena},
}

@article{Xu:2010,
	title = {Rich-club connectivity dominates assortativity and transitivity of complex networks},
	author = {Xu, Xiao-Ke and Zhang, Jie and Small, Michael},
	journal = {Phys. Rev. E},
	volume = {82},
	issue = {4},
	pages = {046117},
	numpages = {4},
	year = {2010},
	month = {Oct},
	doi = {10.1103/PhysRevE.82.046117},
	url = {http://link.aps.org/doi/10.1103/PhysRevE.82.046117},
	publisher = {American Physical Society}
}

@article{Willinger:2010,
	author = {Willinger, Walter and Rejaie, Reza and Torkjazi, Mojtaba and Valafar, Masoud and Maggioni, Mauro},
	title = {Research on online social networks: time to face the real challenges},
	journal = {SIGMETRICS Perform. Eval. Rev.},
	issue_date = {December 2009},
	volume = {37},
	number = {3},
	month = jan,
	year = {2010},
	issn = {0163-5999},
	pages = {49--54},
	numpages = {6},
	url = {http://doi.acm.org/10.1145/1710115.1710125},
	doi = {10.1145/1710115.1710125},
	acmid = {1710125},
	publisher = {ACM},
	address = {New York, NY, USA}
}

@inproceedings{Wu:2009,
	author = {Wu, Bin and Zhao, Fengying and Yang, Shengqi and Suo, Lijun and Tian, Hongqiao},
	title = {Characterizing the evolution of collaboration network},
	booktitle = {Proceedings of the 2nd ACM workshop on Social web search and mining},
	series = {SWSM '09},
	year = {2009},
	isbn = {978-1-60558-806-3},
	location = {Hong Kong, China},
	pages = {33--40},
	numpages = {8},
	url = {http://doi.acm.org/10.1145/1651437.1651444},
	doi = {10.1145/1651437.1651444},
	acmid = {1651444},
	publisher = {ACM},
	address = {New York, NY, USA},
	keywords = {collaboration network,, evolution of community, social network analysis}
}

@inproceedings{Huang:2008,
	author = {Huang, Jian and Zhuang, Ziming and Li, Jia and Giles, C. Lee},
	title = {Collaboration over time: characterizing and modeling network evolution},
	booktitle = {Proceedings of the 2008 International Conference on Web Search and Data Mining},
	series = {WSDM '08},
	year = {2008},
	isbn = {978-1-59593-927-2},
	location = {Palo Alto, California, USA},
	pages = {107--116},
	numpages = {10},
	url = {http://doi.acm.org/10.1145/1341531.1341548},
	doi = {10.1145/1341531.1341548},
	acmid = {1341548},
	publisher = {ACM},
	address = {New York, NY, USA},
	keywords = {network evolution, social network analysis (SNA), stochastic network modeling}
}

@inproceedings{Garg:2009,
	author = {Garg, Sanchit and Gupta, Trinabh and Carlsson, Niklas and Mahanti, Anirban},
	title = {Evolution of an online social aggregation network: an empirical study},
	booktitle = {Proceedings of the 9th ACM SIGCOMM conference on Internet measurement conference},
	series = {IMC '09},
	year = {2009},
	isbn = {978-1-60558-771-4},
	location = {Chicago, Illinois, USA},
	pages = {315--321},
	numpages = {7},
	url = {http://doi.acm.org/10.1145/1644893.1644931},
	doi = {10.1145/1644893.1644931},
	acmid = {1644931},
	publisher = {ACM},
	address = {New York, NY, USA},
	keywords = {evolution, social aggregation, social networks, web 2.0}
}

@inproceedings{Leskovec:2008,
	author = {Leskovec, Jure and Backstrom, Lars and Kumar, Ravi and Tomkins, Andrew},
	title = {Microscopic evolution of social networks},
	booktitle = {Proceedings of the 14th ACM SIGKDD international conference on Knowledge discovery and data mining},
	series = {KDD '08},
	year = {2008},
	isbn = {978-1-60558-193-4},
	location = {Las Vegas, Nevada, USA},
	pages = {462--470},
	numpages = {9},
	url = {http://doi.acm.org/10.1145/1401890.1401948},
	doi = {10.1145/1401890.1401948},
	acmid = {1401948},
	publisher = {ACM},
	address = {New York, NY, USA},
	keywords = {graph generators, maximum likelihood, network evolution, social networks, transitivity, triadic closure}
}
