@inproceedings{Alves:2013,
 author = {Alves, Bruno Leite and Benevenuto, Fabr\'{\i}cio and Laender, Alberto H.F.},
 title = {{The Role of Research Leaders on the Evolution of Scientific Communities}},
 booktitle = {Proceedings of the 22nd International World Wide Web Conference (Companion Volume)},
 series = {WWW '13 Companion},
 year = {2013},
 isbn = {978-1-4503-2038-2},
 location = {Rio de Janeiro, Brazil},
 pages = {649--656},
 numpages = {8},
 url = {http://dl.acm.org/citation.cfm?id=2487788.2488016},
 acmid = {2488016},
 publisher = {International World Wide Web Conferences Steering Committee},
 address = {Republic and Canton of Geneva, Switzerland},
 keywords = {community evolution, core community, scientific communities},
} 
