
@incollection{giansante2007grass,
  title={The Grass is Always Greener on the Other Side of the Fence: The Effect of Misperceived Signalling in a Network Formation Process},
  author={Giansante, Simone and Kirman, Alan and Markose, Sheri and Pin, Paolo},
  booktitle={Artificial Markets Modeling},
  pages={223--234},
  year={2007},
  publisher={Springer}
}

@article{lerman2015majority,
  title={{The Majority Illusion in Social Networks}},
  author={Lerman, Kristina and Yan, Xiaoran and Wu, Xin-Zeng},
  journal={arXiv preprint arXiv:1506.03022},
  year={2015}
}

@article{granovetter1978threshold,
  title={Threshold models of collective behavior},
  author={Granovetter, Mark},
  journal={American Journal of Sociology},
  pages={1420--1443},
  year={1978},
  publisher={JSTOR}
}

@article{schelling1973hockey,
  title={Hockey helmets, concealed weapons, and daylight saving: A study of binary choices with externalities},
  author={Schelling, Thomas C},
  journal={Journal of Conflict Resolution},
  pages={381--428},
  year={1973},
  publisher={JSTOR}
}

@article{christakis2010social,
  title={Social network sensors for early detection of contagious outbreaks},
  author={Christakis, Nicholas A and Fowler, James H},
  journal={PloS One},
  volume={5},
  number={9},
  pages={e12948},
  year={2010}
}

@article{salganik2006experimental,
  title={Experimental study of inequality and unpredictability in an artificial cultural market},
  author={Salganik, Matthew J and Dodds, Peter Sheridan and Watts, Duncan J},
  journal={Science},
  volume={311},
  number={5762},
  pages={854--856},
  year={2006},
  publisher={American Association for the Advancement of Science}
}

@article{centola2010spread,
  title={The spread of behavior in an online social network experiment},
  author={Centola, Damon},
  journal={Science},
  volume={329},
  number={5996},
  pages={1194--1197},
  year={2010},
  publisher={American Association for the Advancement of Science}
}

@inproceedings{hodas2014icwsm,
  title={{Network Weirdness: Exploring the Origins of Network Paradoxes}},
  author={Hodas, Nathan Oken and Kooti, Farshad and Lerman, Kristina},
  booktitle={Proceedings of the International Conference on Web and Social Media},
  pages={8--10},
  year={2014}



@article{bornmann2005does,
  title={Does the h-index for ranking of scientists really work?},
  author={Bornmann, Lutz and Daniel, Hans-Dieter},
  journal={Scientometrics},
  volume={65},
  number={3},
  pages={391--392},
  year={2005},
  publisher={Akad{\'e}miai Kiad{\'o}, co-published with Springer Science+ Business Media BV, Formerly Kluwer Academic Publishers BV}
}

@article{barabasi1999emergence,
  title={Emergence of scaling in random networks},
  author={Barab{\'a}si, Albert-L{\'a}szl{\'o} and Albert, R{\'e}ka},
  journal={Science},
  volume={286},
  number={5439},
  pages={509--512},
  year={1999},
  publisher={American Association for the Advancement of Science}
}

@article{Hirsch:2005,
	author = {Hirsch, J. E.},
	title = {An index to quantify an individual's scientific research output},
	volume = {102},
	number = {46},
	pages = {16569-16572},
	year = {2005},
	journal = {Proceedings of the National Academy of Sciences of the United States of America}
}


@inproceedings{um,
  title={{The Role of Research Leaders on the Evolution of Scientific Communities}},
  author={Alves, Bruno Leite and Benevenuto, Fabr{\'\i}cio and Laender, Alberto H. F.},
  booktitle={Proceedings of the 22nd International Conference on World Wide Web (companion volume)},
  pages={649--656},
  year={2013}
}

@inproceedings{tres,
  title={{Friendship Paradox Redux: Your Friends Are More Interesting Than You}},
  author={Hodas, Nathan Oken and Kooti, Farshad and Lerman, Kristina},
  booktitle={Proceedings of the International Conference on Web and Social Media},
  pages={8--10},
  year={2013}
}
@article{quatro,
  title={Why your friends have more friends than you do},
  author={Feld, Scott L.},
  journal={American Journal of Sociology},
  volume={96},
  number={6},
  pages={1464--1477},
  year={1991}
}
@inproceedings{seis,
  title={{Collaboration Over Time: Characterizing and Modeling Network Evolution}},
  author={Huang, Jian and Zhuang, Ziming and Li, Jia and Giles, C. Lee},
  booktitle={Proceedings of the 2008 International Conference on Web Search and Data Mining},
  pages={107--116},
  year={2008}
}
@inproceedings{oito,
  title={{Measurement and Analysis of Online Social Networks}},
  author={Mislove, Alan and Marcon, Massimiliano and Gummadi, Krishna P. and Druschel, Peter and Bhattacharjee, Bobby},
  booktitle={Proceedings of the 7th ACM SIGCOMM Conference on Internet Measurement},
  pages={29--42},
  year={2007}
}
@article{onze,
  title={The new science of networks},
  author={Watts, Duncan J.},
  journal={Annual Review of Sociology},
  volume={30},
  pages={243--270},
  year={2004}
}
@article{eom2014generalized,
  title={Generalized friendship paradox in complex networks: The case of scientific collaboration},
  author={Eom, Young-Ho and Jo, Hang-Hyun},
  journal={Scientific Reports},
  volume={4},
  year={2014}
}

@article{mckenna1991factors,
  title={Factors underlying illusory self-assessment of driving skill in males and females},
  author={McKenna, Frank P. and Stanier, Robert A. and Lewis, Clive},
  journal={Accident Analysis \& Prevention},
  volume={23},
  number={1},
  pages={45--52},
  year={1991}
}

@techreport{page1999pagerank,
  title={{The PageRank Citation Ranking: Bringing Order to the Web}},
  author={Page, Lawrence and Brin, Sergey and Motwani, Rajeev and Winograd, Terry},
  year={1999},
  institution={Stanford InfoLab}
}
